<?xml version="1.0" encoding="UTF-8"?><collection xmlns="http://www.loc.gov/MARC21/slim"><record><leader>00457nam--2200145-i-4500</leader><controlfield tag="001">000027922</controlfield><controlfield tag="002">20161230</controlfield><controlfield tag="005">20161230201037</controlfield><controlfield tag="008">060222s1000------------r-----000-0-eng-d</controlfield><datafield ind1=" " ind2=" " tag="080"><subfield code="a">532</subfield></datafield><datafield ind1=" " ind2=" " tag="100"><subfield code="a">Lee, S.D</subfield></datafield><datafield ind1=" " ind2=" " tag="245"><subfield code="a">On the axisymmetric collapse of cylindrical shells under external hydrostatic pressure</subfield></datafield><datafield ind1=" " ind2=" " tag="260"><subfield code="a">Gothenburg, Chalmers Tekniska Hogskolas Handlingar, 1967, 25p</subfield></datafield><datafield ind1=" " ind2=" " tag="490"><subfield code="a">Transactions Of Chalmers Univ.Of Technology</subfield></datafield><datafield ind1=" " ind2=" " tag="852"><subfield code="a">13929</subfield></datafield></record></collection>